@article{resnick2009scratch,
  title={Scratch: programming for all},
  author={Resnick, Mitchel and Maloney, John and Monroy-Hern{\'a}ndez, Andr{\'e}s and Rusk, Natalie and Eastmond, Evelyn and Brennan, Karen and Millner, Amon and Rosenbaum, Eric and Silver, Jay and Silverman, Brian and others},
  journal={Communications of the ACM},
  volume={52},
  number={11},
  pages={60--67},
  year={2009},
  publisher={ACM}
}

@misc{dragon,
  title={Dragon Architect},
  howpublished={\url{http://centerforgamescience.org/portfolio/dragon-architect/}},
  note={Accessed: 2015-04-13}
}

@inproceedings{burg2013interactive,
  title={Interactive record/replay for web application debugging},
  author={Burg, Brian and Bailey, Richard and Ko, Andrew J and Ernst, Michael D},
  booktitle={Proceedings of the 26th annual ACM symposium on User interface software and technology},
  pages={473--484},
  year={2013},
  organization={ACM}
}

@inproceedings{ko2004designing,
  title={Designing the whyline: a debugging interface for asking questions about program behavior},
  author={Ko, Andrew J and Myers, Brad A},
  booktitle={Proceedings of the SIGCHI conference on Human factors in computing systems},
  pages={151--158},
  year={2004},
  organization={ACM}
}