@inproceedings{zorn2013minecraft,
  title={Exploring Minecraft as a conduit for increasing interest in programming.},
  author={Zorn, Christopher and Wingrave, Chadwick A and Charbonneau, Emiko and LaViola Jr, Joseph J},
  booktitle={FDG},
  pages={352--359},
  year={2013},
  organization={Citeseer}
}

@article{kaczmarczyk2014rebooting,
  title={Rebooting the Pathway to Success: Preparing Students for Computing Workforce Needs in the United States},
  author={Kaczmarczyk, L and Dopplick, R and EP Committee and others},
  journal={Education Policy Committee, Association for Computing Machinery.(ACM, New York, 2014). http://pathways. acm. org/ACM\_pathways\_report. pdf Accessed},
  year={2014}
}

@article{stefik2013syntax,
 author = {Stefik, Andreas and Siebert, Susanna},
 title = {An Empirical Investigation into Programming Language Syntax},
 journal = {Trans. Comput. Educ.},
 issue_date = {November 2013},
 volume = {13},
 number = {4},
 month = nov,
 year = {2013},
 issn = {1946-6226},
 pages = {19:1--19:40},
 articleno = {19},
 numpages = {40},
 url = {http://doi.acm.org/10.1145/2534973},
 doi = {10.1145/2534973},
 acmid = {2534973},
 publisher = {ACM},
 address = {New York, NY, USA},
 keywords = {Novice Programmers, Programming Languages, Syntax},
} 

@article{wing2008computational,
  title={Computational thinking and thinking about computing},
  author={Wing, Jeannette M},
  journal={Philosophical Transactions of the Royal Society A: Mathematical, Physical and Engineering Sciences},
  volume={366},
  number={1881},
  pages={3717--3725},
  year={2008},
  publisher={The Royal Society}
}

@misc{minecraft,
  title={Minecraft},
  author="{Mojang AB}",
  year={2011}
}

@misc{codedotorg,
  author = {Code.org},
  title = {Hour of Code},
  howpublished = {\url{http://studio.code.org/hoc/1}},
  note = {Accessed: 2015-02-11}
}

@misc{codecademy,
  title = {Codecademy},
  howpublished = {\url{http://www.codecademy.com/}},
  note = {Accessed: 2015-02-11}
}

@misc{khanacademy,
  title = {Khan Academy},
  howpublished = {\url{https://www.khanacademy.org/computing/computer-programming}},
  note = {Accessed: 2015-02-11}
}


@book{report2010computational,
  title={Report of a Workshop on the Scope and Nature of Computational Thinking},
  author="{National Research Council}",
  year={2010},
  publisher={National Academies Press}
}

@incollection{mayer1996handbook,
  title={Problem Solving Transfer},
  author={Mayer, Richard E and Wittrock, Merlin C},
  booktitle={Handbook of educational psychology},
  editor={Berliner, David C and Calfee, Robert C},
  year={1996},
  publisher={Routledge}
}

@article{maloney2010scratch,
  title={The scratch programming language and environment},
  author={Maloney, John and Resnick, Mitchel and Rusk, Natalie and Silverman, Brian and Eastmond, Evelyn},
  journal={ACM Transactions on Computing Education (TOCE)},
  volume={10},
  number={4},
  pages={16},
  year={2010},
  publisher={ACM}
}

@inproceedings{esper2013codespells,
  title={On the nature of fires and how to spark them when you're not there},
  author={Esper, Sarah and Foster, Stephen R and Griswold, William G},
  booktitle={Proceeding of the 44th ACM technical symposium on Computer science education},
  pages={305--310},
  year={2013},
  organization={ACM}
}

@article{whitley1997visual,
  title={Visual programming languages and the empirical evidence for and against},
  author={Whitley, Kirsten N.},
  journal={Journal of Visual Languages \& Computing},
  volume={8},
  number={1},
  pages={109--142},
  year={1997},
  publisher={Elsevier}
}

@inproceedings{hickspart14,
  title={Part of the Game: Changing Level Creation to Identify and Filter Low Quality User-Generated Levels},
  author={Hicks, Andrew and Catet{\'e}, Veronica and Barnes, Tiffany},
 booktitle = {Procedings of the 9th International Conference on the Foundations of Digital Games},
 year = {2014}
}

@article{kelleher2005lowering,
  title={Lowering the barriers to programming: A taxonomy of programming environments and languages for novice programmers},
  author={Kelleher, Caitlin and Pausch, Randy},
  journal={ACM Computing Surveys (CSUR)},
  volume={37},
  number={2},
  pages={83--137},
  year={2005},
  publisher={ACM}
}

@article{lye2014review,
  title={Review on teaching and learning of computational thinking through programming: What is next for K-12?},
  author={Lye, Sze Yee and Koh, Joyce Hwee Ling},
  journal={Computers in Human Behavior},
  volume={41},
  pages={51--61},
  year={2014},
  publisher={Elsevier}
}

@article{barr2011bringing,
  title={Bringing computational thinking to K-12: what is Involved and what is the role of the computer science education community?},
  author={Barr, Valerie and Stephenson, Chris},
  journal={ACM Inroads},
  volume={2},
  number={1},
  pages={48--54},
  year={2011},
  publisher={ACM}
}

@inproceedings{repenning2010scalable,
  title={Scalable game design and the development of a checklist for getting computational thinking into public schools},
  author={Repenning, Alexander and Webb, David and Ioannidou, Andri},
  booktitle={Proceedings of the 41st ACM technical symposium on Computer science education},
  pages={265--269},
  year={2010},
  organization={ACM}
}

@incollection{repenning2011collective,
  title={Collective programming: Making end-user programming (more) social},
  author={Repenning, Alexander and Ahmadi, Navid and Repenning, Nadia and Ioannidou, Andri and Webb, David and Marshall, Krista},
  booktitle={End-User Development},
  pages={325--330},
  year={2011},
  publisher={Springer}
}

@inproceedings{weintrop2013robobuilder,
  title={Robobuilder: a computational thinking game},
  author={Weintrop, David and Wilensky, Uri},
  booktitle={SIGCSE},
  pages={736},
  year={2013}
}

@article{kazimoglu2012serious,
  title={A serious game for developing computational thinking and learning introductory computer programming},
  author={Kazimoglu, Cagin and Kiernan, Mary and Bacon, Liz and Mackinnon, Lachlan},
  journal={Procedia-Social and Behavioral Sciences},
  volume={47},
  pages={1991--1999},
  year={2012},
  publisher={Elsevier}
}

@article{brusilovsky1997mini,
  title={Mini-languages: a way to learn programming principles},
  author={Brusilovsky, Peter and Calabrese, Eduardo and Hvorecky, Jozef and Kouchnirenko, Anatoly and Miller, Philip},
  journal={Education and Information Technologies},
  volume={2},
  number={1},
  pages={65--83},
  year={1997},
  publisher={Springer}
}

@article{hoc1990language,
  title={Language semantics, mental models and analogy},
  author={Hoc, Jean-Michel and Nguyen-Xuan, Anh},
  journal={Psychology of programming},
  volume={10},
  pages={139--156},
  year={1990}
}

@article{nienaltowski2008compiler,
  title={Compiler error messages: What can help novices?},
  author={Nienaltowski, Marie-H{\'e}l{\`e}ne and Pedroni, Michela and Meyer, Bertrand},
  journal={ACM SIGCSE Bulletin},
  volume={40},
  number={1},
  pages={168--172},
  year={2008},
  publisher={ACM}
}

@article{resnick2009scratch,
  title={Scratch: programming for all},
  author={Resnick, Mitchel and Maloney, John and Monroy-Hern{\'a}ndez, Andr{\'e}s and Rusk, Natalie and Eastmond, Evelyn and Brennan, Karen and Millner, Amon and Rosenbaum, Eric and Silver, Jay and Silverman, Brian and others},
  journal={Communications of the ACM},
  volume={52},
  number={11},
  pages={60--67},
  year={2009},
  publisher={ACM}
}

@phdthesis{bruckman1997moose,
  title={MOOSE Crossing: Construction, community, and learning in a networked virtual world for kids},
  author={Bruckman, Amy Susan},
  year={1997},
  school={Massachusetts Institute of Technology}
}

@misc{bransford2000people,
  title={How people learn},
  author={Bransford, John D and Brown, Ann L and Cocking, Rodney R and others},
  year={2000},
  publisher={Washington, DC: National Academy Press},
  pages={219-220}
}

@article{bruckman2000situated,
  title={Situated support for learning: Storm's weekend with Rachael},
  author={Bruckman, Amy},
  journal={The Journal of the Learning Sciences},
  volume={9},
  number={3},
  pages={329--372},
  year={2000},
  publisher={Taylor \& Francis}
}

@incollection{kafai06constructionism,
  title={Constructionism},
  author={Kafai, Yasmin B.},
  booktitle={Cambridge Handbook of the Learning Sciences},
  editor={Sawyer, R. Keith},
  year={2006},
  publisher={Cambridge University Press}
}

